<?xml version="1.0" encoding="UTF-8"?><record xmlns="http://www.loc.gov/MARC21/slim" xmlns:cinclude="http://apache.org/cocoon/include/1.0" xmlns:zs="http://www.loc.gov/zing/srw/">
  <leader>00327nz  a2200121n  4500</leader>
  <controlfield tag="001">n 2004024866</controlfield>
  <controlfield tag="003">DLC</controlfield>
  <controlfield tag="005">20040303082316.0</controlfield>
  <controlfield tag="008">040303n| acannaabn          |n aaa      </controlfield>
  <datafield tag="010" ind1=" " ind2=" ">
    <subfield code="a">n 2004024866</subfield>
  </datafield>
  <datafield tag="040" ind1=" " ind2=" ">
    <subfield code="a">DLC</subfield>
    <subfield code="b">eng</subfield>
    <subfield code="c">DLC</subfield>
  </datafield>
  <datafield tag="100" ind1="1" ind2=" ">
    <subfield code="a">Garloff, Peter</subfield>
  </datafield>
  <datafield tag="670" ind1=" " ind2=" ">
    <subfield code="a">Garloff, Peter. Philologie der Geschichte, c2003:</subfield>
    <subfield code="b">t.p. (Peter Garloff)</subfield>
  </datafield>
</record>